@misc{Harrington:React,
	author = {Harrington, Chris},
	title = {React vs AngularJS vs KnockoutJS : a performance test},
	month = jan,
	year = {2015},
	url = {https://www.codementor.io/blog/reactjs-vs-angular-js-performance-comparison-knockout}
}

@book{Knuth1998,
 author = {Knuth, Donald E.},
 title = {The art of computer programming,  volume 3: (2nd ed.) sorting and searching},
 year = {1998},
 publisher = {Addison Wesley Longman Publishing Co., Inc.},
 address = {Redwood City, CA, USA}
}

@book{Pollefliet2011,
  author = {Pollefliet, Leen},
  title = {Schrijven van verslag tot eindwerk: do's en don'ts},
  year = {2011},
  publisher = {Academia Press},
  address = {Gent}
}

@article{Creeger2009,
  author = {Creeger, Mache},
  journal = {Communications of the ACM},
  number = {8},
  pages = {50--56},
  title = {{CTO Roundtable: Cloud Computing}},
  volume = {52},
  year = {2009}
}

@misc{Witte:React,
	author = {Witte, Daniel and von Weitershausen, Phillip},
	title = {React Native for Android: How we built the first cross-platform React Native app},
	month = sep,
	year = {2015},
	url = {https://code.facebook.com/posts/1189117404435352/react-native-for-android-how-we-built-the-first-cross-platform-react-native-app/}
}
@misc{Occhino:React,
	author = {Occhino, Tom},
	title = {React Native : Bringing modern web techniques to mobile},
	month = maa,
	year = {2015},
	url = {https://code.facebook.com/posts/1014532261909640/react-native-bringing-modern-web-techniques-to-mobile/}
}

@misc{shilling:React,
	author = {Shilling, Mark},
	title = {An iOS developer on React Native},
	month = sep,
	year = {2015},
	url = {https://medium.com/ios-os-x-development/an-ios-developer-on-react-native-1f24786c29f0#.f12aqtlqr}
}
@misc{chedeau:React,
	author = {Chedeau, Christopher},
	title = {Keynote at react-europe 2015},
	month = jul,
	year = {2015},
	url = {https://www.youtube.com/watch?v=PAA9O4E1IM4}
}

@misc{idc:mobile,
	author = {IDC},
	title = {Smartphone OS Market Share},
	month = aug,
	year = {2015},
	url = {http://www.idc.com/prodserv/smartphone-os-market-share.jsp}
}
@book{eisenman:react,
  author = {Eisenman, Bonnie},
  title = {Learning React Native},
  year = {2016},
  publisher = {O’Reilly Media, Inc.},
  address = {Sebastopol, CA , USA}
}
@book{gackenheimer:react,
  title={Introduction to React},
  author={Gackenheimer, Cory},
  year={2015},
  publisher={Apress}
} 
@misc{hampson:native,
	author = {Hampson, Nick},
	title = {Web Apps vs. Hybrid Apps vs. Native Apps Part 1},
	month = okt,
	year = {2012},
	url = {http://blog.looksoftware.com/blog/bid/283731/Web-Apps-vs-Hybrid-Apps-vs-Native-Apps-Part-1}
}
@misc{lassen:React,
	author = {Lassen, Anders},
	title = {How Facebook’s React Native Will Change Mobile Apps},
	month = apr,
	year = {2015},
	url = {http://techcrunch.com/2015/04/20/how-facebooks-react-native-will-change-mobile-apps/#.m6dkij:VD70}
}

@misc{vijaywebsolutions:Javascript,
	author = {Vijayweb Solutions, India Pvt Ltd},
	title = {Why You Should Avoid Using JavaScript in Your Websites?},
	month = jun,
	year = {2014},
	url = {http://www.vijaywebsolutions.com/why-you-should-avoid-using-javascript-in-your-websites/}
}
@misc{docforge:Javascript,
	author = {DocForge},
	title = {Framework},
	month = nov,
	year = {2015},
	url = {http://docforge.com/wiki/framework}
}